<record><leader>00000cas a22000007a 4500</leader><controlfield tag="001">19544509</controlfield><controlfield tag="008">890413d18881889mouwr ne      0    0eng d</controlfield><datafield ind1=" " ind2=" " tag="010"><subfield code="a">sn 89066442 </subfield></datafield><datafield ind1=" " ind2=" " tag="040"><subfield code="a">MQN</subfield><subfield code="b">eng</subfield><subfield code="c">MQN</subfield><subfield code="d">OCLCQ</subfield></datafield><datafield ind1=" " ind2=" " tag="042"><subfield code="a">msc</subfield></datafield><datafield ind1="0" ind2="4" tag="245"><subfield code="a">The Boonville tri-weekly topic.</subfield></datafield><datafield ind1="3" ind2="0" tag="246"><subfield code="a">Boonville topic</subfield></datafield><datafield ind1=" " ind2=" " tag="260"><subfield code="a">[Boonville, Mo.] :</subfield><subfield code="b">Ravenel &amp; McCarthy,</subfield><subfield code="c">1888-1889.</subfield></datafield><datafield ind1=" " ind2=" " tag="300"><subfield code="a">v.</subfield></datafield><datafield ind1=" " ind2=" " tag="310"><subfield code="a">Weekly,</subfield><subfield code="b">Oct. 25-Dec. 13, 1889</subfield></datafield><datafield ind1=" " ind2=" " tag="321"><subfield code="a">Triweekly,</subfield><subfield code="b">July 24, 1888-Oct. 19, 1889</subfield></datafield><datafield ind1="0" ind2=" " tag="362"><subfield code="a">Vol. 11, no. 51 (July 24, 1888)-v. 13, no. 8 (Dec. 13, 1889).</subfield></datafield><datafield ind1=" " ind2=" " tag="500"><subfield code="a">Published as: Boonville topic, Oct. 25-Dec. 13, 1889.</subfield></datafield><datafield ind1=" " ind2=" " tag="500"><subfield code="a">Published by John R. Walker, Oct. 8-Dec. 13, 1889.</subfield></datafield><datafield ind1=" " ind2=" " tag="752"><subfield code="a">United States</subfield><subfield code="b">Missouri</subfield><subfield code="c">Cooper</subfield><subfield code="d">Boonville.</subfield></datafield><datafield ind1="0" ind2="0" tag="780"><subfield code="t">Boonville topic</subfield><subfield code="w">(DLC)sn 89066441</subfield></datafield><datafield ind1="0" ind2="0" tag="785"><subfield code="t">Cooper County democrat</subfield><subfield code="w">(DLC)sn 89066443</subfield></datafield></record>